@book{atteveldtphd,
  author = "Wouter {Van Atteveldt}",
  title = "Semantic Network Analysis: Techniques for Extracting, Representing, and Querying Media Content (dissertation)",
  year = "2008",
  address = "Charleston, SC",
  publisher = "BookSurge",
  url = "https://vanatteveldt.com/files/vanatteveldt_semanticnetworkanalysis.pdf",
}

@book{k06,
  title = "Nederland vijfstromenland: De rol van media en stemwijzers bij de verkiezingen van 2006",
  author = "Jan Kleinnijenhuis and Otto Scholten and Wouter {Van Atteveldt} and Anita M. J. {Van Hoof} and Andre Krouwel and Dirk Oegema and Jan A. {De Ridder} and Nel Ruigrok and Janet Takens",
  year = "2007",
  address = "Amsterdam",
  publisher = "Bert Bakker"
}


@book{atteveldt21book,
year="2021",
author="Wouter {Van Atteveldt} and Damian Trilling and Carlos Arcila",
title= {{Computational Analysis of Communication: A practical introduction to the analysis of texts, networks, and images with code examples in Python and R}},
url="http://cssbook.net",
address="Hoboken, NJ",
publisher="Wiley-Blackwell"
}
