@incollection{takens11,
  author = "Janet Takens and Anita {Van Hoof} and Jan Kleinnijenhuis and Wouter {Van Atteveldt}",
  title = "Do New Parties Bring a Narrow Issue Agenda, Populism, and Personalization? Evidence from {D}utch Election Campaign Coverage from 1998 to 2006",
  year = "2011",
editor = "Van Haaften, T. and Jansen, H. and De Jong, J. and Koetsenruijter, W.",
booktitle = "Bending opinion. Essays on Persuasion in the Public Domain",
  pages = "325--345",
  address = "Leiden",
  publisher = "Leiden University Press"
}


@article{sampol,
  author = "Nel Ruigrok and Wouter {Van Atteveldt}",
  title = "Marijnissen en Wilders, een tomatenrepubliek ontsluierd?",
  journal = "Samenleving en Politiek",
  volume = "13",
  number = "10",
  pages = "39--49",
  year = "2006"
}

@incollection{takens11,
  author = "Janet Takens and Anita {Van Hoof} and Jan Kleinnijenhuis and Wouter {Van Atteveldt}",
  title = "Do New Parties Bring a Narrow Issue Agenda, Populism, and Personalization? Evidence from {D}utch Election Campaign Coverage from 1998 to 2006",
  year = "2011",
editor = "Van Haaften, T. and Jansen, H. and De Jong, J. and Koetsenruijter, W.",
booktitle = "Bending opinion. Essays on Persuasion in the Public Domain",
  pages = "325--345",
  address = "Leiden",
  publisher = "Leiden University Press"
}


@article{sampol,
  author = "Nel Ruigrok and Wouter {Van Atteveldt}",
  title = "Marijnissen en Wilders, een tomatenrepubliek ontsluierd?",
  journal = "Samenleving en Politiek",
  volume = "13",
  number = "10",
  pages = "39--49",
  year = "2006"
}


@inproceedings{atteveldt07eswc,
  title = "Media, Politics and the {S}emantic {W}eb: An experience report in advanced {RDF} usage",
  author = "Wouter {Van Atteveldt} and Stefan Schlobach and Frank {Van Harmelen}",
  editor = "E. Franconi and M. Kifer and W. May",
  booktitle = "ESWC 2007",
  series = "LNCS",
  number = "4519",
  pages = "205--219",
  address = "Berlin, Germany",
  publisher = "Springer",
  year = "2007"
}


@incollection{atteveldt05dov,
  author     = "Wouter {Van Atteveldt} and Stefan Schlobach",
title      = "A Modal view on Polder Politics",
booktitle  = "We Will Show Them: Essays in Honour of Dov Gabbay, Vol 1",
editor     = "S. Artemov and H. Barringer and A. S. d'Avila Garcez and L. C. Lamb and J. Woods",
pages      = "89-105",
month      = "December",
year       = "2005",
address    = "Berlin",
  VUcategory = "wp",
url        = "http://www.cs.vu.nl/~wva/pub/HL.pdf"
}

@inproceedings{philip01,
  author = "William Philip and Wouter {Van Atteveldt} and Peter Coopmans and Matthijs van der Meer",
  year = "2001",
  title = "Subject-Object Asymmetry in Child Comprehension of Wh-Questions",
  booktitle = "Proceedings of BUCLD 2000",
  VUcategory = "wp",
  url = "http://www.cs.vu.nl/~wva/pub/BUCLD25.pdf"

}

@incollection{kleinnijenhuis05janet,
    author = "Jan Kleinnijenhuis and Janet Takens and Wouter {Van Atteveldt}",
    year = "2005",
    title = "Toen {E}uropa de dagbladen ging vullen",
    editor = "K. Aarts and H. van der Kolk",
    booktitle = "Nederlanders en Europa: het referendum over de Europese grondwet",
    chapter= "6",
    address = "Amsterdam",
    publisher = "Bert Bakker",
  VUcategory = "vp",
    url = "http://www.cs.vu.nl/~wva/pub/EUa.pdf"
}



@incollection{kleinnijenhuis05eu,
    author = "Jan Kleinnijenhuis and Wouter {Van Atteveldt}",
    year = "2006",
    title = "Geautomatiseerde inhoudsanalyse, met de berichtgeving over het EU-referendum als voorbeeld",
    editor = "Fred Wester",
    booktitle = "Inhoudsanalyse: theorie en praktijk",
    chapter="10",
    VUcategory = "wp",
    publisher = "Kluwer",
    address = "Alphen aan de Rijn (Netherlands)"
}

@inproceedings{atteveldt05m4m,
  author = "Wouter {Van Atteveldt} and Stefan Schlobach",
  year = "2005",
  title = "A Modal view on Polder Politics",
  VUcategory = "wp",
  booktitle = "Proceedings of Methods for Modalities (M4M) 2005 (Berlin, 1-2 December)"
}


@incollection{ruigrok13,
  author = "Ruigrok, N. and {Van Atteveldt}, W. and Takens, J.",
  year = "2013",
  title = "Shifting Frames in a Deadlocked Conflict: News Coverage of the Israeli-Palestinian Conflict",
  editor = "J. Seethaler and M. Karmasin and G. Melischek and R. Woehlert",
  booktitle = "Selling War: The Role of the Mass Media in Hostile Conflicts (ECREA, 1753-0342)",
  pages = "259--289",
  address = "Bristol",
  publisher = "Intellect"
}
@incollection{kleinnijenhuis13omstreden,
  author = "Kleinnijenhuis, J. and Takens, J.H. and {van Hoof}, A.M.J. and {Van Atteveldt}, W. and Walter, A.S.",
  year ="2013",
  title = "Gevaren van medialogica voor de democratie",
  editor = "R. Aarts and P.J.M. {De Goede}",
  booktitle = "Omstreden Democratie",
  pages = "111-130",
  address = "Meppel",
  publisher = "Boom"
}
@misc{ruigrok14wodc,
author={Ruigrok, N. and {Van Atteveldt}, W. and Gagestein, S. and Slotboom, A. and Jacobi, C.},
year = {2014},
title= {Media en Jeugdcriminaliteit. Een onderzoek naar de mediaberichtgeving in vergelijking met de feitelijke   ontwikkelingen.[{M}edia and youth crime: an   investigation   of   the   media   coverage   compared   to   statistical   developments]},
howpublished={The Hague: WODC, Ministry of Justice}
}


@misc{kleinnijenhuis13wodc,
author={Kleinnijenhuis, J. and {Van Atteveldt}, W. and Welbers, K.},
year = {2013},
title = {De herkomst van vertrouwen in de rechtsstaat 1993--2012, onderzocht via tekstmining van de mediaberichtgeving en   analyse   van   de   publieke   opinie [{D}eterminants of trust in the rule of law 1993--2012, studies using text mining of media coverage and analysis of public opinion]},
howpublished={The Hague: WODC, Ministry of Justice}
}

@incollection{atteveldt17hype,
  author = "{Van Atteveldt}, W. and Ruigrok, N.  and Welbers, K. and Jacobi, C.",
  year = "2017",
  title = "News waves in a changing media landscape 1950-2014",
  editor = "Vasterman, P.",
  booktitle = "From Media Hype to Twitter Storm, Self-reinforcing media dynamics",
  address = "Amsterdam",
  publisher = "AUP"
 }
@incollection{atteveldt17smo,
  title={Being apart together: Convergence and divergence in the field of {Dutch} politics},
  author={{Van Atteveldt}, Wouter and Moser, Christine and Welbers, Kasper},
  booktitle={Structure, Content and Meaning of Organizational Networks: Extending Network Thinking},
  pages={49--64},
  year={2017},
  publisher={Emerald Publishing Limited}
}

@misc{atteveldt19ore,
  author = "{Van Atteveldt}, Wouter and Welbers, Kasper and Van der Velden, M.A.C.G.",
  title = "Automatic Text Analysis",
  year = "2019",
  howpublished = "accepted for publication in the Oxford Encyclopedia of Political Decision Making"
}
